<?xml version="1.0" encoding="utf-8"?>
<record xmlns="http://www.loc.gov/MARC21/slim" xmlns:xsi="http://www.w3.org/2001/XMLSchema-instance" xsi:schemaLocation="http://www.loc.gov/MARC21/slim http://www.loc.gov/standards/marcxml/schema/MARC21slim.xsd">
	<leader>     nam a22     Mi 4500</leader>
	<controlfield tag="001">2701942</controlfield>
	<controlfield tag="003">NjP</controlfield>
	<controlfield tag="006">m        d        </controlfield>
	<controlfield tag="007">cr cn |||m|||a</controlfield>
	<controlfield tag="008">200724s18uu    mr      o     000 0 ara d</controlfield>
	<datafield ind1=" " ind2=" " tag="040">
		<subfield code="a">ZYU</subfield>
		<subfield code="b">ara</subfield>
		<subfield code="e">rda</subfield>
		<subfield code="c">ZYU</subfield>
	</datafield>
	<datafield ind1="1" ind2=" " tag="100">
		<subfield code="a">Bābā, Aḥmad ibn Aḥmad,</subfield>
		<subfield code="d">1556-1627.</subfield>
	</datafield>
	<datafield ind1="1" ind2="0" tag="240">
		<subfield code="a">Works.</subfield>
		<subfield code="k">Selections.</subfield>
		<subfield code="f">1800</subfield>
	</datafield>
	<datafield ind1="1" ind2="3" tag="245">
		<subfield code="a">al-Ḥamd lillāh ishtamalat hādhihi al-malzamah ... ʻalá taghāyīr arbaʻ :</subfield>
		<subfield code="b">ahaḍuhā yusammá Irshād al-wāqif li-maʻná wa-khaṣṣaṣat niyyat al-ḥālif, wa-thānīhā Fatḥ al-Razzāq fī masʼalat al-shakk fī al-ṭalāq, wa-thālithuhā Ifhām al-sāmiʻ bi-maʻná qawl al-Shaykh Khalīl fī al-nikāḥ bi-al-manāfiʻ, wa-rābiʻuhā Anfus al-aʻlāq fī fatḥ al-istighlāq min fahm kalām Khalīl fī darak al-ṣadāq /</subfield>
		<subfield code="c">wa-kilāhā lil-ʻallāmah Aḥmad Bābā.</subfield>
	</datafield>
	<datafield ind1=" " ind2=" " tag="260">
		<subfield code="a">[Morocco?] :</subfield>
		<subfield code="b">[publisher not identified],</subfield>
		<subfield code="c">[18--?]</subfield>
	</datafield>
	<datafield ind1=" " ind2=" " tag="300">
		<subfield code="a">online resource (8, 6 pages)</subfield>
	</datafield>
	<datafield ind1=" " ind2=" " tag="336">
		<subfield code="a">text</subfield>
		<subfield code="2">rdacontent</subfield>
	</datafield>
	<datafield ind1=" " ind2=" " tag="337">
		<subfield code="a">computer</subfield>
		<subfield code="2">rdamedia</subfield>
	</datafield>
	<datafield ind1=" " ind2=" " tag="338">
		<subfield code="a">online resource</subfield>
		<subfield code="2">rdacarrier</subfield>
	</datafield>
	<datafield ind1=" " ind2=" " tag="500">
		<subfield code="a">Cover title.</subfield>
	</datafield>
	<datafield ind1=" " ind2=" " tag="500">
		<subfield code="a">Part of the Arabic Collections Online (ACO) project, contributed by Princeton University Libraries.</subfield>
	</datafield>
	<datafield ind1=" " ind2=" " tag="533">
		<subfield code="a">Electronic reproduction.</subfield>
		<subfield code="b">New York, N.Y. :</subfield>
		<subfield code="c">New York University,</subfield>
		<subfield code="d">2020.</subfield>
		<subfield code="5">NNU</subfield>
	</datafield>
	<datafield ind1=" " ind2="0" tag="650">
		<subfield code="a">Marriage (Islamic law)</subfield>
	</datafield>
	<datafield ind1=" " ind2="0" tag="650">
		<subfield code="a">Divorce (Islamic law)</subfield>
	</datafield>
	<datafield ind1="0" ind2="0" tag="600">
		<subfield code="a">Khalīl ibn Isḥāq al-Jundī,</subfield>
		<subfield code="d">-1365?</subfield>
	</datafield>
	<datafield ind1="0" ind2="7" tag="600">
		<subfield code="a">Khalīl ibn Isḥāq al-Jundī,</subfield>
		<subfield code="d">-1365?</subfield>
		<subfield code="2">fast</subfield>
		<subfield code="0">(OCoLC)fst01828571</subfield>
	</datafield>
	<datafield ind1=" " ind2="7" tag="650">
		<subfield code="a">Divorce (Islamic law)</subfield>
		<subfield code="2">fast</subfield>
		<subfield code="0">(OCoLC)fst00895870</subfield>
	</datafield>
	<datafield ind1=" " ind2="7" tag="650">
		<subfield code="a">Marriage (Islamic law)</subfield>
		<subfield code="2">fast</subfield>
		<subfield code="0">(OCoLC)fst01010549</subfield>
	</datafield>
	<datafield ind1=" " ind2="7" tag="655">
		<subfield code="a">Lithographs</subfield>
		<subfield code="z">Morocco.</subfield>
		<subfield code="2">gmgpc</subfield>
	</datafield>
	<datafield ind1="2" ind2=" " tag="710">
		<subfield code="a">Princeton University.</subfield>
		<subfield code="b">Library.</subfield>
	</datafield>
	<datafield ind1="0" ind2=" " tag="730">
		<subfield code="a">Arabic Collections Online.</subfield>
	</datafield>
	<datafield ind1="0" ind2="8" tag="776">
		<subfield code="i">Online version:</subfield>
		<subfield code="a">Bābā, Aḥmad ibn Aḥmad, 1556-1627.</subfield>
		<subfield code="s">Selections. 1800.</subfield>
		<subfield code="t">Amd lillāh ishtamalat hādhihi al-malzamah ... ʻalá taghāyīr arbaʻ.</subfield>
		<subfield code="d">[Morocco? : s.n., 18--?]</subfield>
		<subfield code="w">(OCoLC)657136605</subfield>
	</datafield>
	<datafield ind1="0" ind2="8" tag="776">
		<subfield code="i">Print version:</subfield>
		<subfield code="a">Bābā, Aḥmad ibn Aḥmad, 1556-1627.</subfield>
		<subfield code="t">al-Ḥamd lillāh ishtamalat hādhihi al-malzamah ... ʻalá taghāyīr arbaʻ</subfield>
		<subfield code="w">(NjP)2701942</subfield>
		<subfield code="w">(OCoLC)82496015</subfield>
	</datafield>
	<datafield ind1="4" ind2="0" tag="856">
		<subfield code="u">http://hdl.handle.net/2333.1/8cz8wmcw</subfield>
	</datafield>
	<datafield ind1="4" ind2="0" tag="856">
		<subfield code="u">http://hdl.handle.net/2333.1/8cz8wmcw</subfield>
	</datafield>
	<datafield ind1=" " ind2=" " tag="959">
		<subfield code="a">NNU</subfield>
		<subfield code="b">WEB</subfield>
		<subfield code="c">GENI</subfield>
		<subfield code="t">0</subfield>
		<subfield code="m">Electronic access</subfield>
		<subfield code="s">01</subfield>
	</datafield>
	<datafield ind1=" " ind2=" " tag="959">
		<subfield code="a">NNU</subfield>
		<subfield code="b">WEB</subfield>
		<subfield code="c">GENI</subfield>
		<subfield code="t">0</subfield>
		<subfield code="m">Electronic access</subfield>
		<subfield code="s">01</subfield>
	</datafield>
	<datafield ind1=" " ind2=" " tag="999">
		<subfield code="i">NjP_2701942</subfield>
		<subfield code="o">(OCoLC)ocm82496015 </subfield>
		<subfield code="s">princeton_aco004612:</subfield>
		<subfield code="e">(ERROR-880)(ERROR-MISC)</subfield>
	</datafield>
</record>
